@inproceedings{tomic2014learning,
author = {Tomi{\'{c}}, Teodor and Maier, Moritz and Haddadin, Sami},
booktitle = {2014 IEEE International Conference on Robotics and Automation (ICRA)},
doi = {10.1109/ICRA.2014.6907087},
pages = {1747--1754},
title = {Learning quadrotor maneuvers from optimal control and generalizing in real-time},
year = {2014}
}

@article{hwangbo2017control,
author = {Hwangbo, Jemin and Sa, Inkyu and Siegwart, Roland and Hutter, Marco},
doi = {10.1109/LRA.2017.2720851},
journal = {IEEE Robotics and Automation Letters},
pages = {2096--2103},
title = {Control of a quadrotor with reinforcement learning},
volume = {2},
year = {2017}
}

@inproceedings{kim2004autonomous,
author = {Kim, H Jin and Jordan, Michael I L and Sastry, Shankar and Ng, Andrew Y},
booktitle = {Advances in neural information processing systems},
doi = {10.1007/11552246_35},
pages = {799--806},
title = {Autonomous helicopter flight via reinforcement learning},
year = {2004}
}

@article{jung2018direct,
author = {Jung, Sunggoo and Cho, Sungwook and Lee, Dasol and Lee, Hanseob and Shim, David Hyunchul},
doi = {10.1002/rob.21743},
journal = {Journal of Field Robotics},
number = {1},
pages = {146--166},
title = {A direct visual servoing-based framework for the 2016 {IROS Autonomous Drone Racing Challenge}},
volume = {35},
year = {2018}
}

@article{svacha2017improving,
author = {Svacha, James and Mohta, Kartik and Kumar, Vijay},
doi = {10.1109/ICUAS.2017.7991501},
journal = {2017 International Conference on Unmanned Aircraft Systems, ICUAS 2017},
pages = {860--866},
title = {Improving quadrotor trajectory tracking by compensating for aerodynamic effects},
year = {2017}
}

@article{kennedy2018optimal,
author = {Kennedy, Monroe and Thakur, Dinesh and Hsieh, M. Ani and Bhattacharya, Subhrajit and Kumar, Vijay},
doi = {10.1115/1.4038980},
journal = {Journal of Mechanisms and Robotics},
title = {Optimal Paths for Polygonal Robots in {SE(2)}},
volume = {10},
year = {2018}
}

@article{florence2018nanomap,
author = {Florence, Peter R. and Carter, John and Ware, Jake and Tedrake, Russ},
title = {{NanoMap: Fast, Uncertainty-Aware Proximity Queries with Lazy Search over Local 3D Data}},
year = {2018},
journal = {Preprint!}
}

@article{jung2018perception,
author = {Jung, Sunggoo and Hwang, Sunyou and Shin, Heemin and Shim, David Hyunchul},
doi = {10.1109/LRA.2018.2808368},
journal = {IEEE Robotics and Automation Letters},
number = {3},
pages = {2539--2544},
title = {Perception, Guidance, and Navigation for Indoor Autonomous Drone Racing Using Deep Learning},
volume = {3},
year = {2018}
}


@article{liu2017planning,
author = {Liu, Sikang and Watterson, Michael and Mohta, Kartik and Sun, Ke and Bhattacharya, Subhrajit and Taylor, Camillo J. and Kumar, Vijay},
doi = {10.1109/LRA.2017.2663526},
journal = {IEEE Robotics and Automation Letters},
number = {3},
pages = {1688--1695},
title = {Planning Dynamically Feasible Trajectories for Quadrotors Using Safe Flight Corridors in 3-D Complex Environments},
volume = {2},
year = {2017}
}

@article{zhilenkov2018use,
author = {Zhilenkov, Anton A. and Epifantsev, Ignat R.},
doi = {10.1109/EIConRus.2018.8317268},
journal = {Proceedings of the 2018 IEEE Conference of Russian Young Researchers in Electrical and Electronic Engineering, ElConRus 2018},
pages = {1044--1047},
title = {The use of convolution artificial neural networks for drones autonomous trajectory planning},
year = {2018}
}

@article{loianno2017estimation,
author = {Loianno, Giuseppe and Brunner, Chris and McGrath, Gary and Kumar, Vijay},
doi = {10.1177/00957984880151008},
journal = {IEEE Robotics and Automation Letters},
number = {2},
pages = {404--411},
title = {Estimation, Control, and Planning for Aggressive Flight With a Small Quadrotor With a Single Camera and IMU},
volume = {2},
year = {2017}
}
